@online{lasse,
       author = "Koskela, Lasse",
       title = "Introduction to Code Coverage",
       year = "2004",
       url = {http://www.javaranch.com/journal/2004/01/IntroToCodeCoverage.html}}
       
@online{racket,
       title = "Racket",
       url = {http://racket-lang.org/}}
       
@online{plugin,
       title = "Implementing DrRacket Plugins",
       url = {http://docs.racket-lang.org/tools/implementing-tools.html}}